%%% ALL

@misc{ChapterIICurvature,
  title = "Robust and Convergent Curvature and Normal Estimators with Digital Integral Invariants",
  author = " Lachaud, Jacques-Olivier and Coeurjolly, David and Levallois, Jérémy"
}

@misc{DGtal,
  title       = "\textsc{{D}{G}tal}: Digital Geometry tools {{and}} algorithms library",
  note        = "\url{http://dgtal.org}"
}

@INCOLLECTION {DGCI2014,
    author    = "Levallois, Jérémy and Coeurjolly, David and Lachaud, Jacques-Olivier",
    title     = "Parameter-Free and Multigrid Convergent Digital Curvature Estimators",
    booktitle = "Discrete Geometry for Computer Imagery",
    publisher = "Springer International Publishing",
    year      = "2014",
    editor    = "Barcucci, Elena and Frosini, Andrea and Rinaldi, Simone",
    volume    = "8668",
    series    = "Lecture Notes in Computer Science",
    pages     = "162-175",
    isbn      = "978-3-319-09954-5",
    doi       = "10.1007/978-3-319-09955-2_14",
    url       = "http://dx.doi.org/10.1007/978-3-319-09955-2_14",
    keywords  = "Curvature estimation; multigrid convergence; integral invariants; digital straight segments; parameter-free estimators",
    language  = "English"
}
@ARTICLE {SMI2015,
  TITLE = "Scale-space Feature Extraction on Digital Surfaces",
  AUTHOR = "Levallois, Jérémy and Coeurjolly, David and Lachaud, Jacques-Olivier",
  JOURNAL = "Computers and Graphics",
  PUBLISHER = "Elsevier",
  PAGES = "12",
  YEAR = "2015",
  KEYWORDS = "feature extraction ;  digital geometry ;  scale-space ;  curvature estimation ;  multigrid convergence ;  integral invariants"
}

@ARTICLE {CVIU2014,
    author   = "Coeurjolly, David and Lachaud, Jacques-Olivier and Levallois, Jérémy",
    title    = "Multigrid convergent principal curvature estimators in digital geometry",
    journal  = "Computer Vision and Image Understanding",
    year     = "2014",
    volume   = "129",
    number   = "0",
    pages    = "27 - 41",
    note     = "Special section: Advances in Discrete Geometry for Computer Imagery",
    issn     = "1077-3142",
    doi      = "http://dx.doi.org/10.1016/j.cviu.2014.04.013",
    url      = "http://www.sciencedirect.com/science/article/pii/S1077314214001003",
    keywords = "Integral invariants "
}
@INCOLLECTION {DGCI2013,
    author    = "Coeurjolly, David and Lachaud, Jacques-Olivier and Levallois, Jérémy",
    title     = "Integral Based Curvature Estimators in Digital Geometry",
    booktitle = "Discrete Geometry for Computer Imagery",
    publisher = "Springer Berlin Heidelberg",
    year      = "2013",
    editor    = "Gonzalez-Diaz, Rocio and Jimenez, Maria-Jose and Medrano, Belen",
    volume    = "7749",
    series    = "Lecture Notes in Computer Science",
    pages     = "215-227",
    isbn      = "978-3-642-37066-3",
    doi       = "10.1007/978-3-642-37067-0_19",
    url       = "http://dx.doi.org/10.1007/978-3-642-37067-0_19",
    keywords  = "Digital geometry; curvature estimation; multigrid convergence; integral invariants",
    language  = "English"
}

@ARTICLE {Pottmann2007,
    author   = "Helmut Pottmann and Johannes Wallner and Yong-Liang Yang and Yu-Kun Lai and Shi-Min Hu",
    title    = "Principal curvatures from the integral invariant viewpoint ",
    journal  = "Computer Aided Geometric Design ",
    year     = "2007",
    volume   = "24",
    number   = "8–9",
    pages    = "428 - 442",
    note     = "Discrete Differential Geometry ",
    issn     = "0167-8396",
    doi      = "http://dx.doi.org/10.1016/j.cagd.2007.07.004"
}

@ARTICLE {Pottmann2009,
    author    = "Pottmann, Helmut and Wallner, Johannes and Huang, Qi-Xing and Yang, Yong-Liang",
    title     = "Integral invariants for robust geometry processing",
    journal   = "Computer Aided Geometric Design",
    year      = "2009",
    volume    = "26",
    number    = "1",
    pages     = "37--60",
    publisher = "Elsevier"
}

@inproceedings{Yang2006,
  title={Robust principal curvatures on multiple scales},
  author={Yang, Yong-Liang and Lai, Yu-Kun and Hu, Shi-Min and Pottmann, Helmut},
  booktitle={Symposium on Geometry Processing},
  pages={223--226},
  year={2006}
}




%%% Notions

@phdthesis{Lachaud2006HDR,
  title={Espaces non-euclidiens et analyse d'image: mod{\`e}les d{\'e}formables riemanniens et discrets, topologie et g{\'e}om{\'e}trie discr{\`e}te},
  author={Lachaud, Jacques-Olivier},
  year={2006},
  school={Universit{\'e} Sciences et Technologies-Bordeaux I}
}

@article{Lachaud2007,
  title={Fast, accurate and convergent tangent estimation on digital contours},
  author={Lachaud, Jacques-Olivier and Vialard, Anne and de Vieilleville, Fran{\c{c}}ois},
  journal={Image and Vision Computing},
  volume={25},
  number={10},
  pages={1572--1587},
  year={2007},
  publisher={Elsevier}
}

@article{deVieilleville2007,
  title={Convex digital polygons, maximal digital straight segments and convergence of discrete geometric estimators},
  author={De Vieilleville, Fran{\c{c}}ois and Lachaud, Jacques-Olivier and Feschet, Fabien},
  journal={Journal of Mathematical Imaging and Vision},
  volume={27},
  number={2},
  pages={139--156},
  year={2007},
  publisher={Springer}
}

@InBook{Coeurjolly_ChapEstimateur,
  author = 	 {D. Coeurjolly and Lachaud, J.-O. and T. Roussillon},
  editor = 	 {V. Brimkov and R. Barneva},
  title = 	 {Digital Geometry Algorithms, Theoretical Foundations and Applications of Computational Imaging},
  chapter = 	 {Multigrid convergence of discrete geometric estimators},
  publisher = 	 {Springer},
  year = 	 {2012},
  volume = 	 {2},
 series    = {LNCVB},
 OPTseries = 	 {Lecture Notes in Computational Vision and Biomechanics},
  pages = 	 {395-424}
}

@article{Hu1962,
  title={Visual pattern recognition by moment invariants},
  author={Hu, Ming-Kuei},
  journal={Information Theory, IRE Transactions on},
  volume={8},
  number={2},
  pages={179--187},
  year={1962},
  publisher={IEEE}
}

@article{Trier1996,
  title={Feature extraction methods for character recognition-a survey},
  author={Trier, {\O}ivind Due and Jain, Anil K and Taxt, Torfinn},
  journal={Pattern recognition},
  volume={29},
  number={4},
  pages={641--662},
  year={1996},
  publisher={Elsevier}
}

@article{Hickman2012,
year={2012},
issn={0924-9907},
journal={Journal of Mathematical Imaging and Vision},
volume={44},
number={3},
doi={10.1007/s10851-011-0323-x},
title={Geometric Moments and Their Invariants},
url={http://dx.doi.org/10.1007/s10851-011-0323-x},
publisher={Springer US},
keywords={Orthogonal and affine transformations; Moments; Invariants; Covariants; Image recognition},
author={Hickman, MarkS.},
pages={223-235},
language={English}
}

@inproceedings{Ghorbel2005,
  title={Reconstructing with geometric moments},
  author={Ghorbel, Faouzi and Derrode, St{\'e}phane and Dhahbi, Sami and Mezhoud, Rim and others},
  booktitle={Proc. Int. Conf. on Machine Intelligence: ACIDCA-ICMI},
  year={2005}
}

@book{Kratzel1988,
  title={Lattice points},
  author={Kr{\"a}tzel, E.},
  volume={33},
  year={1988},
  publisher={Springer}
}

@ARTICLE{Guo2010,
   author = {{Guo}, J.},
    title = {On lattice points in large convex bodies},
  journal = {ArXiv e-prints},
archivePrefix = {arXiv},
   eprint = {1007.4284},
 primaryClass = {math.NT},
 keywords = {Mathematics - Number Theory, Mathematics - Classical Analysis and ODEs, 11P21, 11L07},
     year = {2010}
 }

 @article{Kratzel1991,
year={1991},
issn={0026-9255},
journal={Monatshefte f\"{u}r Mathematik},
volume={112},
issue={1},
doi={10.1007/BF01321717},
title={Lattice points in large convex bodies},
publisher={Springer-Verlag},
author={Kr\"{a}tzel, E. and Nowak, W. G.},
pages={61-72}
}

@article{Muller1999,
year={1999},
journal={Monatshefte f\"{u}r Mathematik},
volume={128},
issue={4},
title={Lattice points in large convex bodies},
publisher={Springer-Verlag},
author={M\"{u}ller, W.},
pages={315-330}
}

%%% Estimators

@article{Euler1760,
  title={Recherches sur la courbure des surfaces},
  author={Euler, Leonhard},
  journal={Memoires de l’Academie des Sciences de Berlin},
  volume={16},
  number={119-143},
  pages={9},
  year={1760}
}

@Article{Klette2000,
  author =       {R. Klette and J. {\v{Z}}uni{\'{c}}},
  title =        {Multigrid convergence of calculated features in image analysis},
  journal =      {Journal of Mathematical Imaging and Vision},
  year =         {2000},
  volume =       {13},
  pages =        {173-191}
}

@Book{Huxley1996,
  author =    {Huxley, M. N.},
  title =        {Area, lattice points and exponential sums},
  publisher =    {Oxford Science publications},
  year =         {1996}
}

@Article{Huxley1990,
  author =       {Huxley, M. N.},
  title =        {Exponential sums and lattice points},
  journal =      {Proc. London Math. Soc.},
  year =         {1990},
  volume =       {60},
  pages =        {471-502}
}

@article{Coeurjolly2004,
	Issn = {0162-8828},
	author = {Coeurjolly, D. and Klette, R.},
	title = {A Comparative Evaluation of Length Estimators of Digital Curves},
	journal = {IEEE Trans. on Pattern Analysis and Machine Intelligence},
	volume = {26},
	number = {2},
	pages = {252-258},
	year = {2004}
}

@inproceedings{Malgouyres2008,
  author    = {R. Malgouyres and
               F. Brunet and
               S. Fourey},
  title     = {Binomial Convolutions and Derivatives Estimation from Noisy
               Discretizations},
  booktitle = {Discrete Geometry for Computer Imagery},
  pages     = {370-379},
publisher = {Springer},
 series    = {LNCS},
  volume    = {4992},
  year      = {2008},
  isbn      = {978-3-540-79125-6},
  bibsource = {DBLP, http://dblp.uni-trier.de}
}

@article{Esbelin2011,
title = {Convergence of binomial-based derivative estimation for 2 noisy discretized curves},
journal = {Theoretical Computer Science},
volume = {412},
number = {36},
pages = {4805 - 4813},
year = {2011},
OPTnote = {<ce:title>Advances in Discrete Geometry for Computer Imagery</ce:title>},
issn = {0304-3975},
author = {H.-A. Esbelin and R. Malgouyres and C. Cartade}
}

@inproceedings{Provot2011,
  author    = {L. Provot and
               Y. G{\'e}rard},
  title     = {Estimation of the Derivatives of a Digital Function with
               a Convergent Bounded Error},
  booktitle = {Discrete Geometry for Computer Imagery},
  publisher = {Springer},
  series    = {LNCS},
  year      = {2011},
  pages     = {284-295}
}

@Article{Bullard1995,
  author = 	 {J.~W. Bullard and E.~J. Garboczi and W.~C. Carter and E.~R. Fullet},
  title = 	 {Numerical methods for computing interfacial mean curvature},
  journal = 	 {Computational materials science},
  year = 	 {1995},
  volume =	 {4},
  pages =	 {103--116}
}

@InProceedings{deVieilleville2006,
  author = 	 {J.-O. Lachaud and de Vieilleville, F.},
  title = 	 {Convex shapes and convergence speed of discrete tangent estimators},
  booktitle = {Proc. Int. Symposium on Visual Computing},
  year = 	 {2006},
  series = 	 {LNCS},
  volume = {4292},
  pages = {688-697},
  publisher = {Springer},
  keywords={discrete geometry, discrete geometric estimators, tangent estimators, maximal segments, multigrid convergence, discrete convexity}
}

@INPROCEEDINGS{Surazhsky2003,
author={Surazhsky, T. and Magid, E. and Soldea, O. and Elber, G. and Rivlin, E.},
booktitle={Robotics and Automation, 2003. Proceedings. ICRA '03. IEEE International Conference on},
title={A comparison of Gaussian and mean curvatures estimation methods on triangular meshes},
year={2003},
volume={1},
pages={1021-1026},
keywords={Gaussian distribution;curve fitting;image processing;mesh generation;splines (mathematics);Gaussian curvature;biomedical engineering;computer graphics;computer vision;geometric modeling;industrial engineering;intrinsic curvature local estimation;mean curvatures estimation methods;nonuniform rational B-spline;polygonal mesh;range data;robot vision;synthetic geometric model tessellations;triangular mesh;Biomedical computing;Biomedical engineering;Computer graphics;Computer industry;Computer vision;Robot vision systems;Service robots;Solid modeling;Spline;Testing}
}

@article{Gatzke2006,
author = {Gatzke, T. D. and Grimm, C. M.},
title = {Estimating curvature on triangular meshes},
journal = {International Journal of Shape Modeling},
volume = {12},
number = {01},
pages = {1-28},
year = {2006},
URL = {http://www.worldscientific.com/doi/abs/10.1142/S0218654306000810}
}

@article{Desbrun2005,
  title={Discrete exterior calculus},
  author={Desbrun, M. and Hirani, A. N. and Leok, M. and Marsden, J. E.},
  journal={arXiv preprint math/0508341},
  year={2005}
}

@book{Bobenko2008,
  title={Discrete differential geometry: Integrable structure},
  author={Bobenko, A. I. and Suris, Y. B.},
  volume={98},
  year={2008},
  publisher={AMS Bookstore}
}

@article{Page2002,
title = {Normal Vector Voting: Crease Detection and Curvature Estimation on Large, Noisy Meshes},
journal = {Graphical Models},
volume = {64},
number = {3–4},
pages = {199-229},
year = {2002},
url = {http://www.sciencedirect.com/science/article/pii/S1524070302905746},
author = {Page, D. L. and Y. Sun and Koschan, A. F. and J. Paik and Abidi, M. A.}
}

@INPROCEEDINGS{Rusinkiewicz2004,
author={Rusinkiewicz, S.},
booktitle={3D Data Processing, Visualization and Transmission, 2004. 3DPVT 2004. Proceedings. 2nd International Symposium on},
title={Estimating curvatures and their derivatives on triangle meshes},
year={2004},
pages={486-493},
keywords={computational geometry;curve fitting;data visualisation;finite difference methods;image sampling;mesh generation;rendering (computer graphics);surface fitting;curvature estimation;finite-differences approach;higher-order surface differentials;irregular triangle meshes;Computational geometry;Finite difference methods;Focusing;Image analysis;Robust stability;Robustness;Shape;Signal analysis;Signal processing algorithms;Solid modeling}
}

@article{Xu2006,
title = {Convergence analysis of a discretization scheme for Gaussian curvature over triangular surfaces},
journal = {Computer Aided Geometric Design},
volume = {23},
number = {2},
pages = {193-207},
year = {2006},
url = {http://www.sciencedirect.com/science/article/pii/S0167839605000865},
author = {G. Xu}
}

@inproceedings{CohenSteiner2003,
 author = {Cohen-Steiner, D. and Morvan, J.-M.},
 title = {Restricted delaunay triangulations and normal cycle},
 booktitle = {Proceedings of the nineteenth annual symposium on Computational geometry},
 series = {SCG'03},
 year = {2003},
 location = {San Diego, California, USA},
 pages = {312--321},
 url = {http://doi.acm.org/10.1145/777792.777839},
 publisher = {ACM},
 address = {New York, NY, USA},
 keywords = {curvature, geometric measure theory, mesh}
}

@Article{CohenSteiner2006,
  author =       {Cohen-Steiner, D. and Morvan, J.-M.},
  title =        {Second fundamental measure of geometric sets and local approximation of curvatures},
  journal =      {Journal of Differential Geometry},
  year =         {2006},
  volume =    {74},
  number =    {3},
  pages =     {363-394}
}

@article{Cazals2005,
  title={Estimating differential quantities using polynomial fitting of osculating jets},
  author={Cazals, F. and Pouget, M.},
  journal={Computer Aided Geometric Design},
  volume={22},
  number={2},
  pages={121--146},
  year={2005},
  publisher={Elsevier}
}

@inproceedings{Merigot2009,
 author = {M{\'e}rigot, Q. and Ovsjanikov, M. and Guibas, L.},
 title = {Robust Voronoi-based curvature and feature estimation},
 booktitle = {2009 SIAM/ACM Joint Conference on Geometric and Physical Modeling},
 series = {SPM'09},
 year = {2009},
 location = {San Francisco, California},
 pages = {1--12},
 url = {http://doi.acm.org/10.1145/1629255.1629257},
 publisher = {ACM},
 address = {New York, NY, USA}
}

@ARTICLE {Merigot2011,
    author  = "M\'erigot, Quentin and Ovsjanikov, Maks and Guibas, Leonidas",
    title   = "Voronoi-Based Curvature and Feature Estimation from Point Clouds",
    journal = "Visualization and Computer Graphics, IEEE Transactions on",
    year    = "2011",
    volume  = "17",
    number  = "6",
    pages   = "743-756",
    month   = jun,
    doi     = "10.1109/TVCG.2010.261",
    issn    = "1077-2626"
}

@article{Li2010,
title = {Robust normal estimation for point clouds with sharp features},
journal = {Computers \& Graphics},
volume = {34},
number = {2},
pages = {94-106},
year = {2010},
url = {http://www.sciencedirect.com/science/article/pii/S009784931000021X},
author = {B. Li and R. Schnabel and R. Klein and Z. Cheng and G. Dang and S. Jin}
}

@article{Boulch2012,
  title={Fast and robust normal estimation for point clouds with sharp features},
  author={Boulch, A. and Marlet, R.},
  journal={Computer Graphics Forum},
  volume={31},
  number={5},
  pages={1765--1774},
  year={2012},
  organization={Wiley Online Library}
}

@article{Zhang2013,
title = {Point cloud normal estimation via low-rank subspace clustering},
journal = {Computers \& Graphics},
volume = {37},
number = {6},
pages = {697-706},
year = {2013},
url = {http://www.sciencedirect.com/science/article/pii/S0097849313000824},
author = {J. Zhang and J. Cao and X. Liu and J. Wang and J. Liu and X. Shi}
}

@article{Bauer1960,
year={1960},
issn={0029-599X},
journal={Numerische Mathematik},
volume={2},
number={1},
doi={10.1007/BF01386217},
title={Norms and exclusion theorems},
url={http://dx.doi.org/10.1007/BF01386217},
publisher={Springer-Verlag},
author={Bauer, F.L. and Fike, C.T.},
pages={137-141},
language={English}
}

@article{Stewart1990,
  title={Matrix perturbation theory},
  author={Stewart, G. W. and Sun, J.-g.},
  year={1990},
  publisher={Academic press}
}

@book{Bhatia1997,
  title={Matrix analysis},
  author={Bhatia, R.},
  volume={169},
  year={1997},
  publisher={Springer}
}



%%% Applications

@ARTICLE {Telea2004,
    author  = "Ulrich Clarenz and Martin Rumpf and Alexandru Telea",
    title   = "Robust feature detection and local classification for surfaces based on moment analysis",
    journal = "IEEE transactions on visualization and computer graphics",
    year    = "2004",
    volume  = "10",
    number  = "5",
    pages   = "516-24"
}

@ARTICLE {Mellado2012,
    author  = "Mellado, Nicolas and Guennebaud, Gael and Barla, Pascal and Reuter, Patrick and Schlick, Christophe",
    title   = "Growing Least Squares for the Analysis of Manifolds in Scale-Space",
    journal = "Computer Graphics Forum",
    year    = "2012",
    volume  = "31",
    number  = "5",
    pages   = "1691-1701"
}

@ARTICLE {Park2012,
    author  = "Park, Min Ki and Lee, Seung Joo and Lee, Kwan H.",
    title   = "{Multi-scale tensor voting for feature extraction from unstructured point clouds}",
    journal = "Graphical Models",
    year    = "2012",
    volume  = "74",
    number  = "4",
    pages   = "197--208",
    month   = jul
}

@inproceedings{Pauly2002,
  title={Efficient simplification of point-sampled surfaces},
  author={Pauly, Mark and Gross, Markus and Kobbelt, Leif P},
  booktitle={Proceedings of the conference on Visualization'02},
  pages={163--170},
  year={2002},
  organization={IEEE Computer Society}
}

@ARTICLE {Pauly2003,
    author  = "Pauly, Mark and Keiser, Richard and Gross, Markus",
    title   = "{Multi-scale Feature Extraction on Point-Sampled Surfaces}",
    journal = "Computer Graphics Forum",
    year    = "2003",
    volume  = "22",
    number  = "3",
    pages   = "281--289",
    month   = sep
}

@book{Medioni2000-2,
  title={A computational framework for segmentation and grouping},
  author={Medioni, Gerard and Lee, Mi-Suen and Tang, Chi-Keung},
  year={2000},
  publisher={Elsevier}
}
@article{Medioni2000,
  title={Tensor voting: Theory and applications},
  author={Medioni, G{\'e}rard and Tang, Chi-Keung and Lee, Mi-Suen},
  journal={Proceedings of RFIA, Paris, France},
  volume={3},
  year={2000}
}


@article{Ho2009,
  title={Curvature-based approach for multi-scale feature extraction from 3D meshes and unstructured point clouds},
  author={Ho, Huy Tho and Gibbins, Danny},
  journal={IET computer vision},
  volume={3},
  number={4},
  pages={201--212},
  year={2009},
  publisher={IET}
}

@phdthesis{Cuel2014These,
archivePrefix = {arXiv},
arxivId = {arXiv:1201.4874v1},
author = {Cuel, Louis},
eprint = {arXiv:1201.4874v1},
title = {{Inf\'{e}rence G\'{e}om\'{e}trique Discr\`{e}te}},
year = {2014}
}

@inproceedings{Cuel2014DGCI,
  title={Voronoi-based geometry estimator for 3D digital surfaces},
  author={Cuel, Louis and Lachaud, Jacques-Olivier and Thibert, Boris},
  booktitle={Discrete Geometry for Computer Imagery},
  pages={134--149},
  year={2014},
  organization={Springer}
}

@inproceedings{Witkin1983,
 author = {Witkin, Andrew P.},
 title = {Scale-space Filtering},
 booktitle = {Proceedings of the Eighth International Joint Conference on Artificial Intelligence - Volume 2},
 series = {IJCAI'83},
 year = {1983},
 location = {Karlsruhe, West Germany},
 pages = {1019--1022},
 numpages = {4},
 url = {http://dl.acm.org.gate6.inist.fr/citation.cfm?id=1623516.1623607},
 acmid = {1623607},
 publisher = {Morgan Kaufmann Publishers Inc.}
}

@article{SUSAN2D,
  title={SUSAN—a new approach to low level image processing},
  author={Smith, Stephen M and Brady, J Michael},
  journal={International journal of computer vision},
  volume={23},
  number={1},
  pages={45--78},
  year={1997},
  publisher={Springer}
}

@inproceedings{SUSAN3D,
  title={Susan 3d operator, principal saliency degrees and directions extraction and a brief study on the robustness to noise},
  author={Walter, Nicolas and Aubreton, Olivier and Fougerolle, Yohan D and Laligant, Olivier},
  booktitle={Image Processing (ICIP), 2009 16th IEEE International Conference on},
  pages={3529--3532},
  year={2009},
  organization={IEEE}
}

@ARTICLE {Lai2007,
    author  = "Lai, Yu-Kun and Zhou, Qian-Yi and Hu, Shi-Min and Wallner, Johannes and Pottmann, Helmut",
    title   = "Robust feature classification and editing",
    journal = "IEEE Trans. Visualization and Computer Graphics",
    year    = "2007",
    volume  = "13",
    pages   = "34-45",
    issue   = "1"
}

@ARTICLE {GebalBAL09,
    author  = "Gebal, Katarzyna and B{\ae}rentzen, Jakob Andreas and Aan{\ae}s, Henrik and Larsen, Rasmus",
    title   = "Shape Analysis Using the Auto Diffusion Function",
    journal = "Computer Graphics Forum",
    year    = "2009",
    volume  = "28",
    number  = "5",
    pages   = "1405-1413",
    biburl  = "http://www.bibsonomy.org/bibtex/270dcf7e7a24772e63f5b9c40aa73a03a/dblp"
}

@ARTICLE {Sun2009,
    author  = "Sun, Jian and Ovsjanikov, Maks and Guibas, Leonidas",
    title   = "{A Concise and Provably Informative Multi-Scale Signature Based on Heat Diffusion}",
    journal = "Computer Graphics Forum",
    year    = "2009",
    volume  = "28",
    number  = "5",
    pages   = "1383--1392",
    month   = jul
}

@ARTICLE {Song2014,
    author     = "Song, Ran and Liu, Yonghuai and Martin, Ralph R. and Rosin, Paul L.",
    title      = "Mesh Saliency via Spectral Processing",
    journal    = "ACM Trans. Graph.",
    year       = "2014",
    volume     = "33",
    number     = "1",
    pages      = "1--17",
    issue_date = "January 2014",
    publisher  = "ACM",
    articleno  = "6"
}

@inproceedings{Hou2007,
  title={Saliency detection: A spectral residual approach},
  author={Hou, Xiaodi and Zhang, Liqing},
  booktitle={Computer Vision and Pattern Recognition, 2007. CVPR'07. IEEE Conference on},
  pages={1--8},
  year={2007},
  organization={IEEE}
}

@inproceedings{Vergne2011,
  title={Implicit Brushes for Stylized Line-based Rendering},
  author={Vergne, Romain and Vanderhaeghe, David and Chen, Jiazhou and Barla, Pascal and Granier, Xavier and Schlick, Christophe},
  booktitle={Computer Graphics Forum},
  volume={30},
  number={2},
  pages={513--522},
  year={2011},
  organization={Wiley Online Library}
}

@inproceedings{Alliez2007,
  title={Voronoi-based variational reconstruction of unoriented point sets},
  author={Alliez, Pierre and Cohen-Steiner, David and Tong, Yiying and Desbrun, Mathieu},
  booktitle={Symposium on Geometry processing},
  volume={7},
  pages={39--48},
  year={2007}
}
